<record><leader>00000cas a22000007a 4500</leader><controlfield tag="001">12499533</controlfield><controlfield tag="008">850906d19231943mtuwr ne      0    0eng d</controlfield><datafield ind1=" " ind2=" " tag="010"><subfield code="a">sn 85053258 </subfield></datafield><datafield ind1=" " ind2=" " tag="040"><subfield code="a">MTL</subfield><subfield code="b">eng</subfield><subfield code="c">MTL</subfield><subfield code="d">OCLCQ</subfield></datafield><datafield ind1=" " ind2=" " tag="042"><subfield code="a">msc</subfield></datafield><datafield ind1="0" ind2="4" tag="245"><subfield code="a">The Madison County forum.</subfield></datafield><datafield ind1=" " ind2=" " tag="260"><subfield code="a">Sheridan, Mont. :</subfield><subfield code="b">M.S. Bullerdick,</subfield><subfield code="c">1923-1943.</subfield></datafield><datafield ind1=" " ind2=" " tag="300"><subfield code="a">33 v. :</subfield><subfield code="b">ill.</subfield></datafield><datafield ind1=" " ind2=" " tag="310"><subfield code="a">Weekly</subfield></datafield><datafield ind1="0" ind2=" " tag="362"><subfield code="a">Vol. 1, no. 1 (Feb. 16, 1923)-v. 33, no. 21 (Oct. 29, 1943).</subfield></datafield><datafield ind1=" " ind2=" " tag="752"><subfield code="a">United States</subfield><subfield code="b">Montana</subfield><subfield code="c">Madison</subfield><subfield code="d">Sheridan.</subfield></datafield><datafield ind1="0" ind2="0" tag="780"><subfield code="t">Sheridan forum</subfield><subfield code="w">(DLC)sn 85053260</subfield></datafield><datafield ind1="0" ind2="5" tag="780"><subfield code="t">Twin Bridges independent</subfield><subfield code="g">Oct. 9, 1925</subfield><subfield code="w">(DLC)sn 85053259</subfield></datafield><datafield ind1="0" ind2="4" tag="785"><subfield code="t">Madisonian (Virginia City, Mont.)</subfield><subfield code="g">Nov. 5, 1943</subfield></datafield></record>